<?xml version="1.0" encoding="UTF-8"?>
<marc:record xmlns:marc="http://www.loc.gov/MARC21/slim" xmlns:xsi="http://www.w3.org/2001/XMLSchema-instance" xsi:schemaLocation="http://www.loc.gov/standards/marcxml/schema/MARC21slim.xsd">
  <marc:leader>00000ndm a2200000 u 4500</marc:leader>
  <marc:controlfield tag="001">1001056519</marc:controlfield>
  <marc:controlfield tag="003">DE-633</marc:controlfield>
  <marc:controlfield tag="005">20191104105045.0</marc:controlfield>
  <marc:datafield tag="031" ind1=" " ind2=" ">
    <marc:subfield code="a">1</marc:subfield>
    <marc:subfield code="b">1</marc:subfield>
    <marc:subfield code="c">1</marc:subfield>
    <marc:subfield code="d">Allegro espressivo e moderato</marc:subfield>
    <marc:subfield code="g">G-2</marc:subfield>
    <marc:subfield code="m">vl 1</marc:subfield>
    <marc:subfield code="n">xF</marc:subfield>
    <marc:subfield code="o">3/4</marc:subfield>
    <marc:subfield code="p">'2.E/''E/4E8{xDEFG}/4.A8{FBA}/{GFEDC'B/2.A/''4.D8{C'AF}/4ExDB/''4.A8{AGF2}/E</marc:subfield>
    <marc:subfield code="r">e</marc:subfield>
    <marc:subfield code="2">pe</marc:subfield>
  </marc:datafield>
  <marc:datafield tag="031" ind1=" " ind2=" ">
    <marc:subfield code="a">1</marc:subfield>
    <marc:subfield code="b">2</marc:subfield>
    <marc:subfield code="c">1</marc:subfield>
    <marc:subfield code="d">Scherzo. Allegro vivace ma non troppo presto</marc:subfield>
    <marc:subfield code="g">G-2</marc:subfield>
    <marc:subfield code="m">vl 1</marc:subfield>
    <marc:subfield code="n">xF</marc:subfield>
    <marc:subfield code="o">3/4</marc:subfield>
    <marc:subfield code="p">'8{EGB''E}{GB}/'''4E--/'8{GB''EGB'''E}/4G--/ 8{GE''BG'''E''B}/{GE'BG}{FE}/4ExDD/xD--/,8{B'xDFB}{''xDF}/4B--/</marc:subfield>
    <marc:subfield code="r">e</marc:subfield>
    <marc:subfield code="2">pe</marc:subfield>
  </marc:datafield>
  <marc:datafield tag="031" ind1=" " ind2=" ">
    <marc:subfield code="a">1</marc:subfield>
    <marc:subfield code="b">3</marc:subfield>
    <marc:subfield code="c">1</marc:subfield>
    <marc:subfield code="d">Adagio molto espressivo</marc:subfield>
    <marc:subfield code="g">G-2</marc:subfield>
    <marc:subfield code="m">vl 1</marc:subfield>
    <marc:subfield code="n"/>
    <marc:subfield code="o">2/4</marc:subfield>
    <marc:subfield code="p">1-/-/'4G8{EC}/''8.{E'6B}''6{DC'EA}/4G8F-/4F,A/G''F+/8(6{FxCD};3)6{F'xAB}''{D'xFG}3{ADGnF}/4xD8E-/</marc:subfield>
    <marc:subfield code="r">C</marc:subfield>
    <marc:subfield code="2">pe</marc:subfield>
  </marc:datafield>
  <marc:datafield tag="031" ind1=" " ind2=" ">
    <marc:subfield code="a">1</marc:subfield>
    <marc:subfield code="b">4</marc:subfield>
    <marc:subfield code="c">1</marc:subfield>
    <marc:subfield code="d">Finale. Presto</marc:subfield>
    <marc:subfield code="g">G-2</marc:subfield>
    <marc:subfield code="m">vl 1</marc:subfield>
    <marc:subfield code="n">xF</marc:subfield>
    <marc:subfield code="o">2/4</marc:subfield>
    <marc:subfield code="p">'8{ExDE}{GFE}/4B-/ '8{ExDE}{GFE}/,4B-/ '8{ExDE}{GFE}/{FB''D}{FFF}/{FFF}{FxCD}/ '(4B)''8B(-)/</marc:subfield>
    <marc:subfield code="r">e</marc:subfield>
    <marc:subfield code="2">pe</marc:subfield>
  </marc:datafield>
  <marc:datafield tag="040" ind1=" " ind2=" ">
    <marc:subfield code="a">DE-633</marc:subfield>
  </marc:datafield>
  <marc:datafield tag="100" ind1="1" ind2=" ">
    <marc:subfield code="a">Dobrzyński, Ignacy Feliks</marc:subfield>
    <marc:subfield code="d">1807-1867</marc:subfield>
    <marc:subfield code="j">Ascertained</marc:subfield>
    <marc:subfield code="0">pe30020642</marc:subfield>
  </marc:datafield>
  <marc:datafield tag="240" ind1="1" ind2="0">
    <marc:subfield code="a">Quartets (inst.)</marc:subfield>
    <marc:subfield code="m">vl (2), vla, vlc</marc:subfield>
    <marc:subfield code="n">op. 7</marc:subfield>
    <marc:subfield code="r">e</marc:subfield>
    <marc:subfield code="0">4337233</marc:subfield>
  </marc:datafield>
  <marc:datafield tag="245" ind1="1" ind2="0">
    <marc:subfield code="a">Quartetto | pour | Deux Violons, Alto et Violoncelle | dédié | à Son ami Auguste Zimmermann | Membre de la Chapelle de S. M. Roi de Prusse | composé | par | I. Dobrzyński | Oeuv.7</marc:subfield>
  </marc:datafield>
  <marc:datafield tag="260" ind1=" " ind2=" ">
    <marc:subfield code="c">ca. 1836</marc:subfield>
    <marc:subfield code="8">01</marc:subfield>
  </marc:datafield>
  <marc:datafield tag="300" ind1=" " ind2=" ">
    <marc:subfield code="a">score, 1 part</marc:subfield>
    <marc:subfield code="b"/>
    <marc:subfield code="c">27,0 x 34,5 cm</marc:subfield>
    <marc:subfield code="8">01</marc:subfield>
  </marc:datafield>
  <marc:datafield tag="383" ind1=" " ind2=" ">
    <marc:subfield code="b">op. 7</marc:subfield>
  </marc:datafield>
  <marc:datafield tag="500" ind1=" " ind2=" ">
    <marc:subfield code="a">Source after maintenance. Beige cardboard cover and pages separating the musical text: added. Cover, side 2, bottom: sticker "Obiekt poddany konserwacji w 2009 r. ze środków | Ministra Kultury i Dziedzictwa Narodowego; p [1, 2,4]: blank; p. [3]: TP, title added "Ignacy Feliks Dobrzyński | Kwartet nr 1 e-moll Op.7 | Partytura. | Autograf, [ok.1836]</marc:subfield>
  </marc:datafield>
  <marc:datafield tag="500" ind1=" " ind2=" ">
    <marc:subfield code="a">Musical text: original title page [1]: stamp with shelfmark olim "7549"; rectangular red stamp "Wartość muzealna"; p. [2], heading: Quartetto [space] I. Dobrzyński; pages one-side numbered (recto).</marc:subfield>
  </marc:datafield>
  <marc:datafield tag="590" ind1=" " ind2=" ">
    <marc:subfield code="a">score</marc:subfield>
    <marc:subfield code="b">24p.</marc:subfield>
    <marc:subfield code="8">01</marc:subfield>
  </marc:datafield>
  <marc:datafield tag="593" ind1=" " ind2=" ">
    <marc:subfield code="a">Autograph manuscript</marc:subfield>
    <marc:subfield code="8">01</marc:subfield>
  </marc:datafield>
  <marc:datafield tag="594" ind1=" " ind2=" ">
    <marc:subfield code="b">vl</marc:subfield>
    <marc:subfield code="c">2</marc:subfield>
  </marc:datafield>
  <marc:datafield tag="594" ind1=" " ind2=" ">
    <marc:subfield code="b">vla</marc:subfield>
    <marc:subfield code="c">1</marc:subfield>
  </marc:datafield>
  <marc:datafield tag="594" ind1=" " ind2=" ">
    <marc:subfield code="b">vlc</marc:subfield>
    <marc:subfield code="c">1</marc:subfield>
  </marc:datafield>
  <marc:datafield tag="594" ind1=" " ind2=" ">
    <marc:subfield code="a">vl (2), vla, vlc</marc:subfield>
  </marc:datafield>
  <marc:datafield tag="599" ind1=" " ind2=" ">
    <marc:subfield code="b">full</marc:subfield>
  </marc:datafield>
  <marc:datafield tag="650" ind1="0" ind2="7">
    <marc:subfield code="a">Quartets (inst.)</marc:subfield>
    <marc:subfield code="0">25205</marc:subfield>
  </marc:datafield>
  <marc:datafield tag="691" ind1=" " ind2="7">
    <marc:subfield code="a">KmBN</marc:subfield>
    <marc:subfield code="n">394</marc:subfield>
    <marc:subfield code="0">lit41001694</marc:subfield>
  </marc:datafield>
  <marc:datafield tag="691" ind1=" " ind2="7">
    <marc:subfield code="a">DobrzyńskiI</marc:subfield>
    <marc:subfield code="n">159</marc:subfield>
    <marc:subfield code="0">lit41001788</marc:subfield>
  </marc:datafield>
  <marc:datafield tag="700" ind1="1" ind2=" ">
    <marc:subfield code="a">Zimmermann, August</marc:subfield>
    <marc:subfield code="d">1810-1891</marc:subfield>
    <marc:subfield code="0">pe41014720</marc:subfield>
    <marc:subfield code="4">dte</marc:subfield>
  </marc:datafield>
  <marc:datafield tag="852" ind1=" " ind2=" ">
    <marc:subfield code="a">PL-Wtm</marc:subfield>
    <marc:subfield code="d">7549</marc:subfield>
    <marc:subfield code="e">Biblioteka, Muzeum i Archiwum Warszawskiego Towarzystwa Muzycznego im. Stanisława Moniuszki</marc:subfield>
    <marc:subfield code="x">ks30000150</marc:subfield>
    <marc:subfield code="c">R 1140 (1)</marc:subfield>
    <marc:subfield code="p"/>
    <marc:subfield code="q"/>
    <marc:subfield code="u"/>
    <marc:subfield code="z"/>
  </marc:datafield>
</marc:record>
